
@inproceedings{B:afkham2008joint,
author={H. M. Afkham and A. T. Targhi and J. O. Eklundh and A. Pronobis},
booktitle={2008 19th International Conference on Pattern Recognition},
title={Joint visual vocabulary for animal classification},
year={2008},
volume={},
number={},
pages={1-4},
keywords={image classification;image texture;object detection;probability;support vector machines;animal classification;complex natural environments;learning techniques;model representations;object texture;realistic images;simple probabilistic models;support vector machines;textural information;visual object categorization;visual vocabulary;Animals;Image databases;Image recognition;Image segmentation;Layout;Object oriented databases;Object recognition;Spatial databases;Visual databases;Vocabulary},
doi={10.1109/ICPR.2008.4761710},
ISSN={1051-4651},
month={Dec},}

@inproceedings{B:B:krizhevsky2012imagenet,
title = {ImageNet Classification with Deep Convolutional Neural Networks},
author = {Alex Krizhevsky and Sutskever, Ilya and Hinton, Geoffrey E},
booktitle = {Advances in Neural Information Processing Systems},
year = {2012}
}

@misc{B:seeingAImicrosoft,
title={{M}icrosoft {S}eeing {AI} app},
howpublished={\url{https://www.microsoft.com/en-us/seeing-ai/}},
note={Accessed on 2020-04-13}
}

@misc{B:aipolyvision,
title={{A}ipoly {V}ision  app},
howpublished={\url{https://www.aipoly.com/}},
note={Accessed on 2020-04-13}
}

@misc{B:orcam,
title={Orcam},
howpublished={\url{https://www.orcam.com/en/}},
note={Accessed on 2020-04-13}
}

@misc{B:soundofvisionwebsite,
title={Sound of Vision},
howpublished={\url{https://soundofvision.net/}},
note={Accessed on 2020-02-06}
}

@article{B:ILSVRC2015,
Author = {Olga Russakovsky and Jia Deng and Hao Su and Jonathan Krause and Sanjeev Satheesh and Sean Ma and Zhiheng Huang and Andrej Karpathy and Aditya Khosla and Michael Bernstein and Alexander C. Berg and Li Fei-Fei},
Title = {{ImageNet Large Scale Visual Recognition Challenge}},
Year = {2015},
journal   = {International Journal of Computer Vision (IJCV)},
doi = {10.1007/s11263-015-0816-y},
volume={115},
number={3},
pages={211-252}
}

@techreport{B:Krizhevsky2009cifar100,
  title={Learning multiple layers of features from tiny images},
  author={Krizhevsky, Alex},
  year={2009},
  institution={Citeseer}
}

@inproceedings{B:liu2015faceattributes,
 author = {Ziwei Liu and Ping Luo and Xiaogang Wang and Xiaoou Tang},
 title = {Deep Learning Face Attributes in the Wild},
 booktitle = {International Conference on Computer Vision},
 year = {2015} 
}

@inproceedings{B:razavian2014cnnfeatures,
author = {Razavian, Ali and Azizpour, Hossein and Sullivan, Josephine and Carlsson, Stefan},
year = {2014},
title = {{CNN} Features Off-the-Shelf: An Astounding Baseline for Recognition},
booktitle = {IEEE Conference on Computer Vision and Pattern Recognition Workshops}
}

@inproceedings{B:xiao2010sundatabase,
author={J. Xiao and J. Hays and K. A. Ehinger and A. Oliva and A. Torralba},
booktitle={IEEE Conference on Computer Vision and Pattern Recognition},
title={{SUN} database: Large-scale scene recognition from abbey to zoo},
year={2010}
}

@article{B:srivastava2014dropout,
  author  = {Nitish Srivastava and Geoffrey Hinton and Alex Krizhevsky and Ilya Sutskever and Ruslan Salakhutdinov},
  title   = {Dropout: A Simple Way to Prevent Neural Networks from Overfitting},
  journal = {Journal of Machine Learning Research},
  year    = {2014},
  volume  = {15},
  pages   = {1929-1958},
  url     = {http://jmlr.org/papers/v15/srivastava14a.html}
}

@article{B:simonyan2014verydeep,
    author = {Simonyan, K. and Zisserman, A.},
    title = {Very Deep Convolutional Networks for Large-Scale Image Recognition},
    journal = {CoRR},
    volume = {abs/1409.1556},
    year = {2014}
}

@article{B:kiros2014unifyingVE,
  title={Unifying Visual-Semantic Embeddings with Multimodal Neural Language Models},
  author={Ryan Kiros and Ruslan Salakhutdinov and Richard S. Zemel},
  journal={CoRR},
  year={2014},
  volume={abs/1411.2539}
}

@inproceedings{B:mikolov2013distributedrepresentations,
 author = {Mikolov, Tomas and Sutskever, Ilya and Chen, Kai and Corrado, Greg and Dean, Jeffrey},
 title = {Distributed Representations of Words and Phrases and Their Compositionality},
 booktitle = {Advances in Neural Information Processing Systems},
 year = {2013}
} 

@inproceedings{B:frome2013DeVISE,
title = {DeViSE: A Deep Visual-Semantic Embedding Model},
author  = {Andrea Frome and Greg Corrado and Jonathon Shlens and Samy Bengio and Jeffrey Dean and Marcâ€™Aurelio Ranzato and Tomas Mikolov},
year  = {2013},
booktitle = {Advances in Neural Information Processing Systems}
}

@misc{B:marko2013fids30,
	author = {\v{S}krjanec Marko},
	title = {Automatic fruit recognition using computer vision},
	year = {2013},
	howpublished = {(Mentor: Matej Kristan), Fakulteta za ra\v{c}unalni\v{s}tvo in informatiko, Univerza v Ljubljani}
}

@techreport{B:muresan2017fruit,
author={Horea Muresan and Mihai Oltean},
title={Fruit recognition from images using deep learning},
institution={Babes-Bolyai University},
year={2017}
}

@inproceedings{B:bargoti2017deepfruitdetection,
  title={Deep fruit detection in orchards},
  author={Suchet Bargoti and James Patrick Underwood},
  booktitle={IEEE International Conference on Robotics and Automation},
  year={2017}
}

@article{B:sa2016deepfruits,
AUTHOR = {Sa, Inkyu and Ge, Zongyuan and Dayoub, Feras and Upcroft, Ben and Perez, Tristan and McCool, Chris},
TITLE = {DeepFruits: A Fruit Detection System Using Deep Neural Networks},
JOURNAL = {Sensors},
VOLUME = {16},
YEAR = {2016},
NUMBER = {8},
PAGES = {1222},
URL = {http://www.mdpi.com/1424-8220/16/8/1222},
ISSN = {1424-8220},
DOI = {10.3390/s16081222}
}



@article{B:doersch2016tutorialvae,
  title={Tutorial on Variational Autoencoders},
  author={Carl Doersch},
  journal={CoRR},
  year={2016},
  volume={abs/1606.05908}
}

@inproceedings{B:yosinski2014transferable,
    author = {Yosinski, Jason and Clune, Jeff and Bengio, Yoshua and Lipson, Hod},
    title = {How transferable are features in deep neural networks?},
    booktitle = {Advances in Neural Information Processing Systems},
    year = {2014}
}

@incollection{B:sohn2015conditionalvae,
title = {Learning Structured Output Representation using Deep Conditional Generative Models},
author = {Sohn, Kihyuk and Lee, Honglak and Yan, Xinchen},
booktitle = {Advances in Neural Information Processing Systems},
year = {2015}
}

@article{B:pan2010transferlearning,
author={S. J. Pan and Q. Yang},
journal={IEEE Transactions on Knowledge and Data Engineering},
title={A Survey on Transfer Learning},
year={2010},
volume={22},
number={10},
pages={1345-1359},
keywords={knowledge engineering;learning by example;optimisation;unsupervised learning;data mining;inductive transfer learning;knowledge transfer;machine learning;transductive transfer learning;unsupervised transfer learning;Data mining;Knowledge engineering;Knowledge transfer;Labeling;Learning systems;Machine learning;Machine learning algorithms;Space technology;Testing;Training data;Transfer learning;data mining.;machine learning;survey},
doi={10.1109/TKDE.2009.191},
ISSN={1041-4347},
month={Oct},}

@article{B:radford2015unsupervised,
  title={Unsupervised representation learning with deep convolutional generative adversarial networks},
  author={Radford, Alec and Metz, Luke and Chintala, Soumith},
  journal={arXiv preprint arXiv:1511.06434},
  year={2015}
}

@inproceedings{B:kingma2015adam,
  title={Adam: A method for stochastic optimization},
  author={Kingma, Diederik P and Ba, Jimmy},
  booktitle={International Conference on Learning Representations},
  year={2015}
}

@inproceedings{B:donahue2014decaf,
  title={Decaf: A deep convolutional activation feature for generic visual recognition},
  author={Donahue, Jeff and Jia, Yangqing and Vinyals, Oriol and Hoffman, Judy and Zhang, Ning and Tzeng, Eric and Darrell, Trevor},
  booktitle={International Conference on Machine Learning},
  year={2014}
}

@inproceedings{B:caraiman2017soundofvision,
author={S. Caraiman and A. Morar and M. Owczarek and A. Burlacu and D. Rzeszotarski and N. Botezatu and P. Herghelegiu and F. Moldoveanu and P. Strumillo and A. Moldoveanu},
booktitle={IEEE International Conference on Computer Vision Workshops},
title={Computer Vision for the Visually Impaired: the Sound of Vision System},
year={2017}
}

@inproceedings{B:Lin2014MicrosoftCoco,
  title={Microsoft COCO: Common Objects in Context},
  author={Tsung-Yi Lin and Michael Maire and Serge J. Belongie and James Hays and Pietro Perona and Deva Ramanan and Piotr Doll{\'a}r and C. Lawrence Zitnick},
  booktitle={European Conference on Computer Vision},
  year={2014}
}

@inproceedings{B:plummer2015flickr30k,
author = {Plummer, Bryan A. and Wang, Liwei and Cervantes, Chris M. and Caicedo, Juan C. and Hockenmaier, Julia and Lazebnik, Svetlana},
title = {Flickr30k Entities: Collecting Region-to-Phrase Correspondences for Richer Image-to-Sentence Models},
booktitle = {IEEE International Conference on Computer Vision},
year = {2015}
} 

@inproceedings{B:zhang2016inter,
  title={Inter-battery topic representation learning},
  author={Zhang, Cheng and Kjellstr{\"o}m, Hedvig and Ek, Carl Henrik},
  booktitle={European Conference on Computer Vision},
  pages={210--226},
  year={2016},
  organization={Springer}
}
@inproceedings{B:vinyals2015show,
  title={Show and tell: A neural image caption generator},
  author={Vinyals, Oriol and Toshev, Alexander and Bengio, Samy and Erhan, Dumitru},
  booktitle={IEEE Conference on Computer Vision and Pattern Recognition},
  pages={3156--3164},
  year={2015}
}

@inproceedings{B:song2016deep,
  author    = {Song, Hyun Oh and Xiang, Yu and Jegelka, Stefanie and Savarese, Silvio},
  title     = {Deep Metric Learning via Lifted Structured Feature Embedding},
  booktitle = {IEEE Conference on Computer Vision and Pattern Recognition},
  year      = {2016}
}

@inproceedings{B:Zhang2014PartbasedRCNN,
  title={Part-based R-CNNs for Fine-grained Category Detection},
  author={Ning Zhang and Jeff Donahue and Ross B. Girshick and Trevor Darrell},
  booktitle={European Conference on Computer Vision},
  year={2014}
}

@inproceedings{B:oquab2014learning-and-transferring,
author={M. Oquab and L. Bottou and I. Laptev and J. Sivic},
booktitle={ IEEE Conference on Computer Vision and Pattern Recognition},
title={Learning and Transferring Mid-level Image Representations Using Convolutional Neural Networks},
year={2014},
volume={},
number={}
}

@inproceedings{B:Vinyals2015show-and-tell,
author = {Vinyals, Oriol and Toshev, Alexander and Bengio, Samy and Erhan, Dumitru},
title = {Show and Tell: A Neural Image Caption Generator},
booktitle = {IEEE Conference on Computer Vision and Pattern Recognition},
month = {June},
year = {2015}
} 


@article{B:zhang2017advances,
  title={Advances in variational inference},
  author={Zhang, Cheng and Butepage, Judith and Kjellstrom, Hedvig and Mandt, Stephan},
  journal={arXiv preprint arXiv:1711.05597},
  year={2017}
}
@inproceedings{B:rezende2014stochastic,
  title={Stochastic Backpropagation and Approximate Inference in Deep Generative Models},
  author={Danilo Jimenez Rezende and Shakir Mohamed and Daan Wierstra},
  booktitle={International Conference on Machine Learning},
  year={2014}
}

@inproceedings{B:nguyen2018variational,
  title={Variational continual learning},
  author={Nguyen, Cuong V and Li, Yingzhen and Bui, Thang D and Turner, Richard E},
  booktitle={International Conference on Learning Representations},
  year={2018}
}

@article{B:akaho2006kernel,
  title={A kernel method for canonical correlation analysis},
  author={Akaho, Shotaro},
  journal={arXiv preprint cs/0609071},
  year={2006}
}

@inproceedings{B:anderson2018bottom,
  title={Bottom-up and top-down attention for image captioning and visual question answering},
  author={Anderson, Peter and He, Xiaodong and Buehler, Chris and Teney, Damien and Johnson, Mark and Gould, Stephen and Zhang, Lei},
  booktitle={Proceedings of the IEEE Conference on Computer Vision and Pattern Recognition},
  pages={6077--6086},
  year={2018}
}

@inproceedings{B:andrew2013deep,
  title={Deep canonical correlation analysis},
  author={Andrew, Galen and Arora, Raman and Bilmes, Jeff and Livescu, Karen},
  booktitle={International Conference on Machine Learning},
  pages={1247--1255},
  year={2013}
}

@inproceedings{B:aneja2019sequential,
author = {Aneja, Jyoti and Agrawal, Harsh and Batra, Dhruv and Schwing, Alexander},
title = {Sequential Latent Spaces for Modeling the Intention During Diverse Image Captioning},
booktitle = {The IEEE International Conference on Computer Vision (ICCV)},
month = {October},
year = {2019}
} 

@article{B:babaeizadeh2017stochastic,
  title={Stochastic variational video prediction},
  author={Babaeizadeh, Mohammad and Finn, Chelsea and Erhan, Dumitru and Campbell, Roy H and Levine, Sergey},
  journal={arXiv preprint arXiv:1710.11252},
  year={2017}
}

@article{B:baltruvsaitis2018multimodal,
  title={Multimodal machine learning: A survey and taxonomy},
  author={Baltru{\v{s}}aitis, Tadas and Ahuja, Chaitanya and Morency, Louis-Philippe},
  journal={IEEE Transactions on Pattern Analysis and Machine Intelligence},
  volume={41},
  number={2},
  pages={423--443},
  year={2018},
  publisher={IEEE}
}

@misc{B:bemyeyes,
    title={Be My Eyes},
    howpublished={\url{https://www.bemyeyes.com/}},
    note={Accessed on 2019-12-17}
}

@inproceedings{B:beijbom2015menu,
  title={Menu-match: Restaurant-specific food logging from images},
  author={Beijbom, Oscar and Joshi, Neel and Morris, Dan and Saponas, Scott and Khullar, Siddharth},
  booktitle={2015 IEEE Winter Conference on Applications of Computer Vision},
  pages={844--851},
  year={2015},
  organization={IEEE}
}

@article{B:bengio2013representation,
  title={Representation learning: A review and new perspectives},
  author={Bengio, Yoshua and Courville, Aaron and Vincent, Pascal},
  journal={IEEE Transactions on Pattern Analysis and Machine Intelligence},
  volume={35},
  number={8},
  pages={1798--1828},
  year={2013},
  publisher={IEEE}
}

@inproceedings{B:bossard2014food101,
  title = {Food-101 -- Mining Discriminative Components with Random Forests},
  author = {Bossard, Lukas and Guillaumin, Matthieu and Van Gool, Luc},
  booktitle = {European Conference on Computer Vision},
  year = {2014}
}

@article{B:bowman2015generating,
  title={Generating sentences from a continuous space},
  author={Bowman, Samuel R and Vilnis, Luke and Vinyals, Oriol and Dai, Andrew M and Jozefowicz, Rafal and Bengio, Samy},
  journal={arXiv preprint arXiv:1511.06349},
  year={2015}
}

@inproceedings{B:butepage2018Inform,
  title={Informed Priors for Deep Representation Learning},
  author={Butepage, Judith and  He, Jiawei and  Zhang,Cheng and Sigal, Leonid  and   Mandt, Stephan},
  booktitle={Symposium on Advances in Approximate Bayesian Inference},
  year={2018}
}

@inproceedings{B:chung2015recurrent,
  title={A recurrent latent variable model for sequential data},
  author={Chung, Junyoung and Kastner, Kyle and Dinh, Laurent and Goel, Kratarth and Courville, Aaron C and Bengio, Yoshua},
  booktitle={Advances in Neural Information Processing Systems},
  pages={2980--2988},
  year={2015}
}

@article{B:cremer2018importance,
  title={On the Importance of Learning Aggregate Posteriors in Multimodal Variational Autoencoders},
  author={Cremer, Chris and Kushman, Nate},
  journal={1st Symposium on Advances in Approximate Bayesian Inference},
  year={2018}
}

@inproceedings{B:cui2015comparison,
  title={Comparison of Kullback-Leibler divergence approximation methods between Gaussian mixture models for satellite image retrieval},
  author={Cui, Shiyong and Datcu, Mihai},
  booktitle={2015 IEEE International Geoscience and Remote Sensing Symposium (IGARSS)},
  pages={3719--3722},
  year={2015},
  organization={IEEE}
}

@inproceedings{B:damen2018scaling,
  title={Scaling egocentric vision: The epic-kitchens dataset},
  author={Damen, Dima and Doughty, Hazel and Maria Farinella, Giovanni and Fidler, Sanja and Furnari, Antonino and Kazakos, Evangelos and Moltisanti, Davide and Munro, Jonathan and Perrett, Toby and Price, Will and others},
  booktitle={Proceedings of the European Conference on Computer Vision (ECCV)},
  pages={720--736},
  year={2018}
}

@inproceedings{B:deng2009imagenet,
  title={Imagenet: A large-scale hierarchical image database},
  author={Deng, Jia and Dong, Wei and Socher, Richard and Li, Li-Jia and Li, Kai and Fei-Fei, Li},
  booktitle={2009 IEEE Conference on Computer Vision and Pattern Recognition},
  pages={248--255},
  year={2009},
  organization={Ieee}
}

@inproceedings{B:deng2014large,
  title={Large-scale object classification using label relation graphs},
  author={Deng, Jia and Ding, Nan and Jia, Yangqing and Frome, Andrea and Murphy, Kevin and Bengio, Samy and Li, Yuan and Neven, Hartmut and Adam, Hartwig},
  booktitle={European Conference on Computer Vision},
  pages={48--64},
  year={2014},
  organization={Springer}
}

@article{B:denton2018stochastic,
  title={Stochastic video generation with a learned prior},
  author={Denton, Emily and Fergus, Rob},
  journal={arXiv preprint arXiv:1802.07687},
  year={2018}
}

@article{B:devlin2018bert,
  title={Bert: Pre-training of deep bidirectional transformers for language understanding},
  author={Devlin, Jacob and Chang, Ming-Wei and Lee, Kenton and Toutanova, Kristina},
  journal={arXiv preprint arXiv:1810.04805},
  year={2018}
}

@inproceedings{B:donahue2015long-term,
author = {Donahue, Jeffrey and Anne Hendricks, Lisa and Guadarrama, Sergio and Rohrbach, Marcus and Venugopalan, Subhashini and Saenko, Kate and Darrell, Trevor},
title = {Long-Term Recurrent Convolutional Networks for Visual Recognition and Description},
booktitle = {The IEEE Conference on Computer Vision and Pattern Recognition (CVPR)},
month = {June},
year = {2015}
} 

@article{B:everingham2010pascal,
author="Everingham, Mark
and Van Gool, Luc
and Williams, Christopher K. I.
and Winn, John
and Zisserman, Andrew",
title="The Pascal Visual Object Classes (VOC) Challenge",
journal="International Journal of Computer Vision",
year="2010",
month="Jun",
day="01",
volume="88",
number="2",
pages="303--338",
abstract="The Pascal Visual Object Classes (VOC) challenge is a benchmark in visual object category recognition and detection, providing the vision and machine learning communities with a standard dataset of images and annotation, and standard evaluation procedures. Organised annually from 2005 to present, the challenge and its associated dataset has become accepted as the benchmark for object detection.",
issn="1573-1405",
doi="10.1007/s11263-009-0275-4",
url="https://doi.org/10.1007/s11263-009-0275-4"
}

@inproceedings{B:fu2016semi,
  title={Semi-supervised vocabulary-informed learning},
  author={Fu, Yanwei and Sigal, Leonid},
  booktitle={Proceedings of the IEEE Conference on Computer Vision and Pattern Recognition},
  pages={5337--5346},
  year={2016}
}

@inproceedings{B:gebru2017finegrained,
  title={Fine-Grained Car Detection for Visual Census Estimation},
  author={Timnit Gebru and Jonathan Krause and Yilun Wang and Duyun Chen and Jia Deng and Li Fei-Fei},
  booktitle={AAAI Conference on Artificial Intelligence},
  year={2017}
}

@inproceedings{B:geng2018fine,
  title={Fine-grained grocery product recognition by one-shot learning},
  author={Geng, Weidong and Han, Feilin and Lin, Jiangke and Zhu, Liuyi and Bai, Jieming and Wang, Suzhen and He, Lin and Xiao, Qiang and Lai, Zhangjiong},
  booktitle={Proceedings of the 26th ACM International Conference on Multimedia},
  pages={1706--1714},
  year={2018}
}

@inproceedings{B:george2014recognizing,
  title={Recognizing products: A per-exemplar multi-label image classification approach},
  author={George, Marian and Floerkemeier, Christian},
  booktitle={European Conference on Computer Vision},
  pages={440--455},
  year={2014},
  organization={Springer}
}

@inproceedings{B:girshick2014rich,
author = {Girshick, Ross and Donahue, Jeff and Darrell, Trevor and Malik, Jitendra},
title = {Rich Feature Hierarchies for Accurate Object Detection and Semantic Segmentation},
booktitle = {IEEE Conference on Computer Vision and Pattern Recognition},
month = {June},
year = {2014}
}

@inproceedings{B:goldberger2003efficient,
  title={An efficient image similarity measure based on approximations of KL-divergence between two Gaussian mixtures},
  author={Goldberger, Jacob and Gordon, Shiri and Greenspan, Hayit},
  booktitle={IEEE International Conference on Computer Vision},
  year={2003},
}

@inproceedings{B:goodfellow2014generative,
  title={Generative adversarial nets},
  author={Goodfellow, Ian and Pouget-Abadie, Jean and Mirza, Mehdi and Xu, Bing and Warde-Farley, David and Ozair, Sherjil and Courville, Aaron and Bengio, Yoshua},
  booktitle={Advances in Neural Information Processing Systems},
  pages={2672--2680},
  year={2014}
}

@article{B:gregor2015draw,
  title={Draw: A recurrent neural network for image generation},
  author={Gregor, Karol and Danihelka, Ivo and Graves, Alex and Rezende, Danilo Jimenez and Wierstra, Daan},
  journal={arXiv preprint arXiv:1502.04623},
  year={2015}
}

@techreport{B:griffin2007caltech256,
Author = {G. Griffin and A. Holub and P. Perona},
Title = {Caltech-256 Object Category Dataset},
Institution = {California Institute of Technology},
    Year = {2007},
    URL = {http://authors.library.caltech.edu/7694},
    Number = {7694}
}

@inproceedings{B:guler2014whats,
  title={What's in the container? Classifying object contents from vision and touch},
  author={G{\"u}ler, P{\"u}ren and Bekiroglu, Yasemin and Gratal, Xavi and Pauwels, Karl and Kragic, Danica},
  booktitle={2014 IEEE/RSJ International Conference on Intelligent Robots and Systems},
  pages={3961--3968},
  year={2014},
  organization={IEEE}
}

@inproceedings{B:he2016deep,
  title={Deep residual learning for image recognition},
  author={He, Kaiming and Zhang, Xiangyu and Ren, Shaoqing and Sun, Jian},
  booktitle={Proceedings of the IEEE Conference on Computer Vision and Pattern Recognition},
  pages={770--778},
  year={2016}
}

@inproceedings{B:he2018probabilistic,
  title={Probabilistic video generation using holistic attribute control},
  author={He, Jiawei and Lehrmann, Andreas and Marino, Joseph and Mori, Greg and Sigal, Leonid},
  booktitle={Proceedings of the European Conference on Computer Vision (ECCV)},
  pages={452--467},
  year={2018}
}

@inproceedings{B:hershey2007approximating,
  title={Approximating the Kullback Leibler divergence between Gaussian mixture models},
  author={Hershey, John R and Olsen, Peder A},
  booktitle={2007 IEEE International Conference on Acoustics, Speech and Signal Processing (ICASSP)},
  volume={4},
  pages={IV--317},
  year={2007},
  organization={IEEE}
}

@article{B:hochreiter1997long,
  title={Long short-term memory},
  author={Hochreiter, Sepp and Schmidhuber, J{\"u}rgen},
  journal={Neural computation},
  volume={9},
  number={8},
  pages={1735--1780},
  year={1997},
  publisher={MIT Press}
}

@article{B:hotelling1936relations,
  title={Relations Between Two Sets of Variates},
  author={Hotelling, Harold},
  journal={Biometrika},
  volume={28},
  number={3/4},
  pages={321--377},
  year={1936},
  publisher={JSTOR}
}

@inproceedings{B:hsiao2010making,
  title={Making specific features less discriminative to improve point-based 3D object recognition},
  author={Hsiao, Edward and Collet, Alvaro and Hebert, Martial},
  booktitle={2010 IEEE Computer Society Conference on Computer Vision and Pattern Recognition},
  pages={2653--2660},
  year={2010},
  organization={IEEE}
}

@article{B:hu2017unifying,
  title={On unifying deep generative models},
  author={Hu, Zhiting and Yang, Zichao and Salakhutdinov, Ruslan and Xing, Eric P},
  journal={arXiv preprint arXiv:1706.00550},
  year={2017}
}

@inproceedings{B:huang2017densely,
  title={Densely Connected Convolutional Networks.},
  author={Huang, Gao and Liu, Zhuang and Van Der Maaten, Laurens and Weinberger, Kilian Q},
  booktitle = {IEEE Conference on Computer Vision and Pattern Recognition},
  year = {2017}
}

@article{B:hyvarinen2000independent,
  title={Independent component analysis: algorithms and applications},
  author={Hyv{\"a}rinen, Aapo and Oja, Erkki},
  journal={Neural networks},
  volume={13},
  number={4-5},
  pages={411--430},
  year={2000},
  publisher={Elsevier}
}

@inproceedings{B:ioffe2015batch,
  title={Batch Normalization: Accelerating Deep Network Training by Reducing Internal Covariate Shift},
  author={Ioffe, Sergey and Szegedy, Christian},
  booktitle={International Conference on Machine Learning},
  pages={448--456},
  year={2015}
}

@article{B:jund2016freiburg,
  title={The freiburg groceries dataset},
  author={Jund, Philipp and Abdo, Nichola and Eitel, Andreas and Burgard, Wolfram},
  journal={arXiv preprint arXiv:1611.05799},
  year={2016}
}

@inproceedings{B:karpathy2015deep,
  title={Deep visual-semantic alignments for generating image descriptions},
  author={Karpathy, Andrej and Fei-Fei, Li},
  booktitle={Proceedings of the IEEE conference on computer vision and pattern recognition},
  pages={3128--3137},
  year={2015}
}

@inproceedings{B:kawano2014automatic,
 author="Kawano, Y. and Yanai, K.",
 title="Automatic Expansion of a Food Image Dataset Leveraging Existing Categories with Domain Adaptation",
 booktitle="Proc. of ECCV Workshop on Transferring and Adapting Source
Knowledge in Computer Vision (TASK-CV)",
 year="2014",
}

@inproceedings{B:kim2019variational,
  title={Variational prototyping-encoder: One-shot learning with prototypical images},
  author={Kim, Junsik and Oh, Tae-Hyun and Lee, Seokju and Pan, Fei and Kweon, In So},
  booktitle={Proceedings of the IEEE Conference on Computer Vision and Pattern Recognition},
  pages={9462--9470},
  year={2019}
}

@article{B:kingma2013auto,
  title={Auto-encoding variational bayes},
  author={Kingma, Diederik P and Welling, Max},
  journal={arXiv preprint arXiv:1312.6114},
  year={2013}
}

@article{B:kingma2014adam,
  title={Adam: A method for stochastic optimization},
  author={Kingma, Diederik P and Ba, Jimmy},
  journal={arXiv preprint arXiv:1412.6980},
  year={2014}
}

@inproceedings{B:kingma2014semi,
  title={Semi-supervised learning with deep generative models},
  author={Kingma, Durk P and Mohamed, Shakir and Rezende, Danilo Jimenez and Welling, Max},
  booktitle={Advances in Neural Information Processing Systems},
  pages={3581--3589},
  year={2014}
}

@inproceedings{B:klasson2019hierarchical,
  title={A Hierarchical Grocery Store Image Dataset with Visual and Semantic Labels},
  author={Klasson, Marcus and Zhang, Cheng and Kjellstr{\"o}m, Hedvig},
  booktitle={2019 IEEE Winter Conference on Applications of Computer Vision (WACV)},
  pages={491--500},
  year={2019},
  organization={IEEE}
}

@inproceedings{B:krishna2016visualgenome,
  title={Visual Genome: Connecting Language and Vision Using Crowdsourced Dense Image Annotations},
  author={Krishna, Ranjay and Zhu, Yuke and Groth, Oliver and Johnson, Justin and Hata, Kenji and Kravitz, Joshua and Chen, Stephanie and Kalantidis, Yannis and Li, Li-Jia and Shamma, David A and Bernstein, Michael and Fei-Fei, Li},
  year = {2016},
  url = {https://arxiv.org/abs/1602.07332},
}

@article{B:kulkarni2013babytalk,
  title={Babytalk: Understanding and generating simple image descriptions},
  author={Kulkarni, Girish and Premraj, Visruth and Ordonez, Vicente and Dhar, Sagnik and Li, Siming and Choi, Yejin and Berg, Alexander C and Berg, Tamara L},
  journal={IEEE Transactions on Pattern Analysis and Machine Intelligence},
  volume={35},
  number={12},
  pages={2891--2903},
  year={2013},
  publisher={IEEE}
}

@article{B:kullback1951information,
  title={On information and sufficiency},
  author={Kullback, Solomon and Leibler, Richard A},
  journal={The Annals of Mathematical Statistics},
  volume={22},
  number={1},
  pages={79--86},
  year={1951},
  publisher={JSTOR}
}

@inproceedings{B:lai2011large,
  title={A large-scale hierarchical multi-view rgb-d object dataset},
  author={Lai, Kevin and Bo, Liefeng and Ren, Xiaofeng and Fox, Dieter},
  booktitle={2011 IEEE International Conference on Robotics and Automation},
  pages={1817--1824},
  year={2011},
  organization={IEEE}
}

@article{B:larsen2015autoencoding,
  title={Autoencoding beyond pixels using a learned similarity metric},
  author={Larsen, Anders Boesen Lindbo and S{\o}nderby, S{\o}ren Kaae and Larochelle, Hugo and Winther, Ole},
  journal={arXiv preprint arXiv:1512.09300},
  year={2015}
}

@article{B:li2018disentangled,
  title={Disentangled sequential autoencoder},
  author={Li, Yingzhen and Mandt, Stephan},
  journal={arXiv preprint arXiv:1803.02991},
  year={2018}
}
@inproceedings{B:li2019generative,
  title={Are Generative Classifiers More Robust to Adversarial Attacks?},
  author={Li, Yingzhen and Bradshaw, John and Sharma, Yash},
  booktitle={International Conference on Machine Learning},
  pages={3804--3814},
  year={2019}
}

@inproceedings{B:locatello2019challenging,
  title={Challenging Common Assumptions in the Unsupervised Learning of Disentangled Representations},
  author={Locatello, Francesco and Bauer, Stefan and Lucic, Mario and Raetsch, Gunnar and Gelly, Sylvain and Sch{\"o}lkopf, Bernhard and Bachem, Olivier},
  booktitle={International Conference on Machine Learning},
  pages={4114--4124},
  year={2019}
}

@inproceedings{B:lu2016hierarchical,
  title={Hierarchical question-image co-attention for visual question answering},
  author={Lu, Jiasen and Yang, Jianwei and Batra, Dhruv and Parikh, Devi},
  booktitle={Advances In Neural Information Processing Systems},
  pages={289--297},
  year={2016}
}

@inproceedings{B:lu2018neural,
  title={Neural baby talk},
  author={Lu, Jiasen and Yang, Jianwei and Batra, Dhruv and Parikh, Devi},
  booktitle={Proceedings of the IEEE Conference on Computer Vision and Pattern Recognition},
  pages={7219--7228},
  year={2018}
}

@article{B:ma2018eddi,
  title={Eddi: Efficient dynamic discovery of high-value information with partial vae},
  author={Ma, Chao and Tschiatschek, Sebastian and Palla, Konstantina and Hern{\'a}ndez-Lobato, Jos{\'e} Miguel and Nowozin, Sebastian and Zhang, Cheng},
  journal={arXiv preprint arXiv:1809.11142},
  year={2018}
}

@article{B:makhzani2015adversarial,
  title={Adversarial autoencoders},
  author={Makhzani, Alireza and Shlens, Jonathon and Jaitly, Navdeep and Goodfellow, Ian and Frey, Brendan},
  journal={arXiv preprint arXiv:1511.05644},
  year={2015}
}

@article{B:marin2019learning,
  title = {Recipe1M+: A Dataset for Learning Cross-Modal Embeddings for Cooking Recipes and Food Images},
  author = {Marin, Javier and Biswas, Aritro and Ofli, Ferda and Hynes, Nicholas and 
  Salvador, Amaia and Aytar, Yusuf and Weber, Ingmar and Torralba, Antonio},
  journal = {{IEEE} Transations on Pattern Analisys and Machince Intelligence},
  year = {2019}
}

@inproceedings{B:merler2007recognizing,
  title={Recognizing groceries in situ using in vitro training data},
  author={Merler, Michele and Galleguillos, Carolina and Belongie, Serge},
  booktitle={2007 IEEE Conference on Computer Vision and Pattern Recognition},
  pages={1--8},
  year={2007},
  organization={IEEE}
}

@inproceedings{B:mescheder2017adversarial,
  title={Adversarial variational bayes: Unifying variational autoencoders and generative adversarial networks},
  author={Mescheder, Lars and Nowozin, Sebastian and Geiger, Andreas},
  booktitle={Proceedings of the 34th International Conference on Machine Learning},
  pages={2391--2400},
  year={2017},
  organization={JMLR. org}
}

@inproceedings{B:min2019ingredient,
  title={Ingredient-Guided Cascaded Multi-Attention Network for Food Recognition},
  author={Min, Weiqing and Liu, Linhu and Luo, Zhengdong and Jiang, Shuqiang},
  booktitle={Proceedings of the 27th ACM International Conference on Multimedia},
  pages={1331--1339},
  year={2019}
}

@article{B:min2019survey,
  title={A survey on food computing},
  author={Min, Weiqing and Jiang, Shuqiang and Liu, Linhu and Rui, Yong and Jain, Ramesh},
  journal={ACM Computing Surveys (CSUR)},
  volume={52},
  number={5},
  pages={1--36},
  year={2019},
  publisher={ACM New York, NY, USA}
}

@inproceedings{B:ngiam2011multimodal,
  title={Multimodal deep learning},
  author={Ngiam, Jiquan and Khosla, Aditya and Kim, Mingyu and Nam, Juhan and Lee, Honglak and Ng, Andrew Y},
  booktitle={Proceedings of the 28th International Conference on Machine Learning},
  pages={689--696},
  year={2011}
}

@inproceedings{B:nilsback2008flowers,
  author       = "Maria-Elena Nilsback and Andrew Zisserman",
  title        = "Automated Flower Classification over a Large Number of Classes",
  booktitle    = "Indian Conference on Computer Vision, Graphics and Image Processing",
  month        = "Dec",
  year         = "2008",
}

@inproceedings{B:parikh2011relative,
  title={Relative attributes},
  author={Parikh, Devi and Grauman, Kristen},
  booktitle={2011 International Conference on Computer Vision},
  pages={503--510},
  year={2011},
  organization={IEEE}
}

@inproceedings{B:pennington2014glove,
  author = {Jeffrey Pennington and Richard Socher and Christopher D. Manning},
  booktitle = {Empirical Methods in Natural Language Processing (EMNLP)},
  title = {GloVe: Global Vectors for Word Representation},
  year = {2014},
  pages = {1532--1543},
  url = {http://www.aclweb.org/anthology/D14-1162},
}

@inproceedings{B:pieropan2014audio,
  title={Audio-visual classification and detection of human manipulation actions},
  author={Pieropan, Alessandro and Salvi, Giampiero and Pauwels, Karl and Kjellstr{\"o}m, Hedvig},
  booktitle={2014 IEEE/RSJ International Conference on Intelligent Robots and Systems},
  pages={3045--3052},
  year={2014},
  organization={IEEE}
}

@inproceedings{B:pu2016variational,
  title={Variational autoencoder for deep learning of images, labels and captions},
  author={Pu, Yunchen and Gan, Zhe and Henao, Ricardo and Yuan, Xin and Li, Chunyuan and Stevens, Andrew and Carin, Lawrence},
  booktitle={Advances in Neural Information Processing Systems},
  pages={2352--2360},
  year={2016}
}

@inproceedings{B:reed2016learning,
  title={Learning deep representations of fine-grained visual descriptions},
  author={Reed, Scott and Akata, Zeynep and Lee, Honglak and Schiele, Bernt},
  booktitle={Proceedings of the IEEE Conference on Computer Vision and Pattern Recognition},
  pages={49--58},
  year={2016}
}

@inproceedings{B:ren2015faster,
  title={Faster r-cnn: Towards real-time object detection with region proposal networks},
  author={Ren, Shaoqing and He, Kaiming and Girshick, Ross and Sun, Jian},
  booktitle={Advances in Neural Information Processing Systems},
  pages={91--99},
  year={2015}
}

@inproceedings{B:rich2016towards,
  title={Towards bottom-up analysis of social food},
  author={Rich, Jaclyn and Haddadi, Hamed and Hospedales, Timothy M},
  booktitle={Proceedings of the 6th International Conference on Digital Health Conference},
  pages={111--120},
  year={2016}
}

@inproceedings{B:salvador2017learning,
author = {Salvador, Amaia and Hynes, Nicholas and Aytar, Yusuf and Marin, Javier and Ofli, Ferda and Weber, Ingmar and Torralba, Antonio},
title = {Learning Cross-Modal Embeddings for Cooking Recipes and Food Images},
booktitle = {The IEEE Conference on Computer Vision and Pattern Recognition (CVPR)},
month = {July},
year = {2017}
}

@inproceedings{B:salzmann2010factorized,
  title={Factorized orthogonal latent spaces},
  author={Salzmann, Mathieu and Ek, Carl Henrik and Urtasun, Raquel and Darrell, Trevor},
  booktitle={Proceedings of the Thirteenth International Conference on Artificial Intelligence and Statistics},
  pages={701--708},
  year={2010}
}

@inproceedings{B:shi2019variational,
  title={Variational Mixture-of-Experts Autoencoders for Multi-Modal Deep Generative Models},
  author={Shi, Yuge and Siddharth, N and Paige, Brooks and Torr, Philip},
  booktitle={Advances in Neural Information Processing Systems},
  pages={15692--15703},
  year={2019}
}

@inproceedings{B:singh2014bigbird,
  title={Bigbird: A large-scale 3d database of object instances},
  author={Singh, Arjun and Sha, James and Narayan, Karthik S and Achim, Tudor and Abbeel, Pieter},
  booktitle={2014 IEEE International Conference on Robotics and Automation (ICRA)},
  pages={509--516},
  year={2014},
  organization={IEEE}
}

@inproceedings{B:sohn2015learning,
  title={Learning structured output representation using deep conditional generative models},
  author={Sohn, Kihyuk and Lee, Honglak and Yan, Xinchen},
  booktitle={Advances in Neural Information Processing Systems},
  pages={3483--3491},
  year={2015}
}

@article{B:sonderby2016amortised,
  title={Amortised map inference for image super-resolution},
  author={S{\o}nderby, Casper Kaae and Caballero, Jose and Theis, Lucas and Shi, Wenzhe and Husz{\'a}r, Ferenc},
  journal={arXiv preprint arXiv:1610.04490},
  year={2016}
}

@article{B:srivastava2014dropout,
  title={Dropout: a simple way to prevent neural networks from overfitting},
  author={Srivastava, Nitish and Hinton, Geoffrey and Krizhevsky, Alex and Sutskever, Ilya and Salakhutdinov, Ruslan},
  journal={Journal of Machine Learning Research},
  volume={15},
  number={1},
  pages={1929--1958},
  year={2014},
  publisher={JMLR.org}
}

@article{B:srivastava2014multimodal,
  title={Multimodal Learning with Deep Boltzmann Machines},
  author={Srivastava, Nitish and Salakhutdinov, Ruslan},
  journal={Journal of Machine Learning Research},
  volume={15},
  pages={2949--2980},
  year={2014}
}

@article{B:stallkamp2012man,
  title={Man vs. computer: Benchmarking machine learning algorithms for traffic sign recognition},
  author={Stallkamp, Johannes and Schlipsing, Marc and Salmen, Jan and Igel, Christian},
  journal={Neural Networks},
  volume={32},
  pages={323--332},
  year={2012},
  publisher={Elsevier}
}

@article{B:suzuki2016joint,
  title={Joint multimodal learning with deep generative models},
  author={Suzuki, Masahiro and Nakayama, Kotaro and Matsuo, Yutaka},
  journal={arXiv preprint arXiv:1611.01891},
  year={2016}
}

@misc{B:transsense,
    title={Transsense},
    howpublished={\url{https://www.transsense.ai/}},
    note={Accessed on 2020-04-13}
}

@inproceedings{B:tsai2018learning,
  title={Learning factorized multimodal representations},
  author={Tsai, Yao-Hung Hubert and Liang, Paul Pu and Zadeh, Amir and Morency, Louis-Philippe and Salakhutdinov, Ruslan},
  booktitle={International Conference on Learning Representations},
  year={2019}
}

@article{B:tu2019neuropathic,
  title={Neuropathic Pain Diagnosis Simulator for Causal Discovery Algorithm Evaluation},
  author={Tu, Ruibo and Zhang, Kun and Bertilson, Bo Christer and Kjellst{\"o}m, Hedvig and Zhang, Cheng},
  journal={arXiv preprint arXiv:1906.01732},
  year={2019}
}

@article{B:vedantam2017generative,
  title={Generative models of visually grounded imagination},
  author={Vedantam, Ramakrishna and Fischer, Ian and Huang, Jonathan and Murphy, Kevin},
  journal={arXiv preprint arXiv:1705.10762},
  year={2017}
}

@inproceedings{B:vedantam2018generative,
	author = {Ramakrishna Vedantam and Ian Fischer and Jonathan Huang and Kevin Murphy},
    title = {Generative Models of Visually Grounded Imagination},
    booktitle = {International Conference on Learning Representations},
    year = {2018}
}

@article{B:vincent2010stacked,
  title={Stacked denoising autoencoders: Learning useful representations in a deep network with a local denoising criterion.},
  author={Vincent, Pascal and Larochelle, Hugo and Lajoie, Isabelle and Bengio, Yoshua and Manzagol, Pierre-Antoine and Bottou, L{\'e}on},
  journal={Journal of Machine Learning Research},
  volume={11},
  number={12},
  year={2010}
}

@techreport{B:WahCUB_200_2011,
	Title = {{The Caltech-UCSD Birds-200-2011 Dataset}},
	Author = {Wah, C. and Branson, S. and Welinder, P. and Perona, P. and Belongie, S.},
	Year = {2011},
	Institution = {California Institute of Technology},
	Number = {CNS-TR-2011-001}
}

@inproceedings{B:waltner2015mango,
	author = {Georg Waltner and Michael Schwarz and Stefan Ladst\"{a}tter and Anna Weber and Patrick Luley and Horst Bischof and Meinrad Lindschinger and Irene Schmid and Lucas Paletta},
	title = {MANGO - Mobile Augmented Reality with Functional Eating Guidance and Food Awareness},
    booktitle = {International Workshop on Multimedia Assisted Dietary Management},
	year = {2015}
}

@article{B:wang2004image,
  title={Image quality assessment: from error visibility to structural similarity},
  author={Wang, Zhou and Bovik, Alan C and Sheikh, Hamid R and Simoncelli, Eero P},
  journal={IEEE Transactions on Image Processing},
  volume={13},
  number={4},
  pages={600--612},
  year={2004},
  publisher={IEEE}
}

@inproceedings{B:wang2015deep,
  title={On deep multi-view representation learning},
  author={Wang, Weiran and Arora, Raman and Livescu, Karen and Bilmes, Jeff},
  booktitle={International Conference on Machine Learning},
  pages={1083--1092},
  year={2015}
}

@article{B:wang2016deep,
  title={Deep variational canonical correlation analysis},
  author={Wang, Weiran and Yan, Xinchen and Lee, Honglak and Livescu, Karen},
  journal={arXiv preprint arXiv:1610.03454},
  year={2016}
}

@inproceedings{B:wang2017diverse,
  title={Diverse and accurate image description using a variational auto-encoder with an additive gaussian encoding space},
  author={Wang, Liwei and Schwing, Alexander and Lazebnik, Svetlana},
  booktitle={Advances in Neural Information Processing Systems},
  pages={5756--5766},
  year={2017}
}

@article{B:wei2019rpc,
  title={RPC: A large-scale retail product checkout dataset},
  author={Wei, Xiu-Shen and Cui, Quan and Yang, Lei and Wang, Peng and Liu, Lingqiao},
  journal={arXiv preprint arXiv:1901.07249},
  year={2019}
}

@inproceedings{B:winlock2010toward,
  title={Toward real-time grocery detection for the visually impaired},
  author={Winlock, Tess and Christiansen, Eric and Belongie, Serge},
  booktitle={2010 IEEE Computer Society Conference on Computer Vision and Pattern Recognition-Workshops},
  pages={49--56},
  year={2010},
  organization={IEEE}
}

@inproceedings{B:wu2018multimodal,
  title={Multimodal generative models for scalable weakly-supervised learning},
  author={Wu, Mike and Goodman, Noah},
  booktitle={Advances in Neural Information Processing Systems},
  pages={5575--5585},
  year={2018}
}

@article{B:xian2018zero,
  title={Zero-shot learningâ€”A comprehensive evaluation of the good, the bad and the ugly},
  author={Xian, Yongqin and Lampert, Christoph H and Schiele, Bernt and Akata, Zeynep},
  journal={IEEE Transactions on Pattern Analysis and Machine Intelligence},
  volume={41},
  number={9},
  pages={2251--2265},
  year={2018},
  publisher={IEEE}
}

@inproceedings{B:xian2019f,
  title={f-VAEGAN-D2: A feature generating framework for any-shot learning},
  author={Xian, Yongqin and Sharma, Saurabh and Schiele, Bernt and Akata, Zeynep},
  booktitle={Proceedings of the IEEE Conference on Computer Vision and Pattern Recognition},
  pages={10275--10284},
  year={2019}
}

@article{B:xu2013survey,
  title={A survey on multi-view learning},
  author={Xu, Chang and Tao, Dacheng and Xu, Chao},
  journal={arXiv preprint arXiv:1304.5634},
  year={2013}
}

@article{B:xu2015geolocalized,
  title={Geolocalized modeling for dish recognition},
  author={Xu, Ruihan and Herranz, Luis and Jiang, Shuqiang and Wang, Shuang and Song, Xinhang and Jain, Ramesh},
  journal={IEEE Transactions on Multimedia},
  volume={17},
  number={8},
  pages={1187--1199},
  year={2015},
  publisher={IEEE}
}

@inproceedings{B:xu2015show,
  title={Show, attend and tell: Neural image caption generation with visual attention},
  author={Xu, Kelvin and Ba, Jimmy and Kiros, Ryan and Cho, Kyunghyun and Courville, Aaron and Salakhudinov, Ruslan and Zemel, Rich and Bengio, Yoshua},
  booktitle={International Conference on Machine Learning},
  pages={2048--2057},
  year={2015}
}

@article{B:yagcioglu2018recipeqa,
  title={Recipeqa: A challenge dataset for multimodal comprehension of cooking recipes},
  author={Yagcioglu, Semih and Erdem, Aykut and Erdem, Erkut and Ikizler-Cinbis, Nazli},
  journal={arXiv preprint arXiv:1809.00812},
  year={2018}
}

@inproceedings{B:yang2017improved,
  title={Improved variational autoencoders for text modeling using dilated convolutions},
  author={Yang, Zichao and Hu, Zhiting and Salakhutdinov, Ruslan and Berg-Kirkpatrick, Taylor},
  booktitle={Proceedings of the 34th International Conference on Machine Learning-Volume 70},
  pages={3881--3890},
  year={2017},
  organization={JMLR. org}
}

@inproceedings{B:yang2018graph,
author = {Yang, Jianwei and Lu, Jiasen and Lee, Stefan and Batra, Dhruv and Parikh, Devi},
title = {Graph R-CNN for Scene Graph Generation},
booktitle = {European Conference on Computer Vision (ECCV)},
month = {September},
year = {2018}
} 

@inproceedings{B:yu2018take, 
    title = {Take Goods from Shelves: A Dataset for Class-Incremental Object Detection},
    author = {Yu, Hao and Yanwei, Fu and Yu-Gang, Jiang}, 
    booktitle = {ACM International Conference on Multimedia Retrieval (ICMR '19)},
    year = {2019}
}

@article{B:young2014flickr30k,
    title={From image descriptions to visual denotations: New similarity metrics for semantic inference over event descriptions},
    author={Peter Young and Alice Lai and Micah Hodosh and Julia Hockenmaier},
    journal={Transactions of the Association for Computational Linguistics},
    volume={2},
    pages={67--78},
    year={2014}
}

@article{B:zhang2018advances,
  title={Advances in variational inference},
  author={Zhang, Cheng and Butepage, Judith and Kjellstr\"{o}m, Hedvig and Mandt, Stephan},
  journal={IEEE Transactions on Pattern Analysis and Machine Intelligence},
  year={2018},
  publisher={IEEE}
}

@inproceedings{B:zhang2018unreasonable,
  title={The unreasonable effectiveness of deep features as a perceptual metric},
  author={Zhang, Richard and Isola, Phillip and Efros, Alexei A and Shechtman, Eli and Wang, Oliver},
  booktitle={Proceedings of the IEEE Conference on Computer Vision and Pattern Recognition},
  pages={586--595},
  year={2018}
}

@article{B:zhao2017multi,
  title={Multi-view learning overview: Recent progress and new challenges},
  author={Zhao, Jing and Xie, Xijiong and Xu, Xin and Sun, Shiliang},
  journal={Information Fusion},
  volume={38},
  pages={43--54},
  year={2017},
  publisher={Elsevier}
}