
@article{baltruvsaitis2018multimodal,
	title={Multimodal machine learning: A survey and taxonomy},
	author={Baltru{\v{s}}aitis, Tadas and Ahuja, Chaitanya and Morency, Louis-Philippe},
	journal={IEEE transactions on pattern analysis and machine intelligence},
	volume={41},
	number={2},
	pages={423--443},
	year={2018},
	publisher={IEEE}
}

@incollection{bottou2010large,
	title={Large-scale machine learning with stochastic gradient descent},
	author={Bottou, L{\'e}on},
	booktitle={Proceedings of COMPSTAT'2010},
	pages={177--186},
	year={2010},
	publisher={Springer}
}

@article{delange2021continual,
	title={A continual learning survey: Defying forgetting in classification tasks},
	author={Delange, Matthias and Aljundi, Rahaf and Masana, Marc and Parisot, Sarah and Jia, Xu and Leonardis, Ales and Slabaugh, Greg and Tuytelaars, Tinne},
	journal={IEEE Transactions on Pattern Analysis and Machine Intelligence},
	year={2021},
	publisher={IEEE}
}

@book{goodfellow2016deep,
	title={Deep Learning},
	author={Ian Goodfellow and Yoshua Bengio and Aaron Courville},
	publisher={MIT Press},
	note={\url{http://www.deeplearningbook.org}},
	year={2016}
}

@article{parisi2019continual,
	title={Continual lifelong learning with neural networks: A review},
	author={Parisi, German I and Kemker, Ronald and Part, Jose L and Kanan, Christopher and Wermter, Stefan},
	journal={Neural Networks},
	volume={113},
	pages={54--71},
	year={2019},
	publisher={Elsevier}
}

@article{xu2013survey,
	title={A survey on multi-view learning},
	author={Xu, Chang and Tao, Dacheng and Xu, Chao},
	journal={arXiv preprint arXiv:1304.5634},
	year={2013}
}