
@article{C:adel2019continual,
	title={Continual learning with adaptive weights (claw)},
	author={Adel, Tameem and Zhao, Han and Turner, Richard E},
	journal={arXiv preprint arXiv:1911.09514},
	year={2019}
}

@article{C:aljundi2019gradient,
	title={Gradient based sample selection for online continual learning},
	author={Aljundi, Rahaf and Lin, Min and Goujaud, Baptiste and Bengio, Yoshua},
	journal={arXiv preprint arXiv:1903.08671},
	year={2019}
}

@article{C:aljundi2019online,
	title={Online continual learning with maximal interfered retrieval},
	author={Aljundi, Rahaf and Belilovsky, Eugene and Tuytelaars, Tinne and Charlin, Laurent and Caccia, Massimo and Lin, Min and Page-Caccia, Lucas},
	journal={Advances in neural information processing systems},
	volume={32},
	year={2019}
}

@inproceedings{C:amiri2019neural,
	title={Neural Self-Training through Spaced Repetition},
	author={Amiri, Hadi},
	booktitle={Proceedings of the 2019 Conference of the North American Chapter of the Association for Computational Linguistics: Human Language Technologies, Volume 1 (Long and Short Papers)},
	pages={21--31},
	year={2019}
}

@inproceedings{C:amiri2017repeat,
	title={Repeat before forgetting: Spaced repetition for efficient and effective training of neural networks},
	author={Amiri, Hadi and Miller, Timothy and Savova, Guergana},
	booktitle={Proceedings of the 2017 Conference on Empirical Methods in Natural Language Processing},
	pages={2401--2410},
	year={2017}
}

@inproceedings{C:bailis2017macrobase,
	title={Macrobase: Prioritizing attention in fast data},
	author={Bailis, Peter and Gan, Edward and Madden, Samuel and Narayanan, Deepak and Rong, Kexin and Suri, Sahaana},
	booktitle={Proceedings of the 2017 ACM International Conference on Management of Data},
	pages={541--556},
	year={2017}
}

@article{C:ball2020study,
	title={A Study on Efficiency in Continual Learning Inspired by Human Learning},
	author={Ball, Philip J and Li, Yingzhen and Lamb, Angus and Zhang, Cheng},
	journal={arXiv preprint arXiv:2010.15187},
	year={2020}
}

@article{C:borsos2020coresets,
	title={Coresets via bilevel optimization for continual learning and streaming},
	author={Borsos, Zal{\'a}n and Mutn{\`y}, Mojm{\'\i}r and Krause, Andreas},
	journal={arXiv preprint arXiv:2006.03875},
	year={2020}
}

@article{C:browne2012survey,
	title={A survey of monte carlo tree search methods},
	author={Browne, Cameron B and Powley, Edward and Whitehouse, Daniel and Lucas, Simon M and Cowling, Peter I and Rohlfshagen, Philipp and Tavener, Stephen and Perez, Diego and Samothrakis, Spyridon and Colton, Simon},
	journal={IEEE Transactions on Computational Intelligence and AI in games},
	volume={4},
	number={1},
	pages={1--43},
	year={2012},
	publisher={IEEE}
}

@misc{C:bulatov2011notMNIST,
	author={Yaroslav Bulatov},
	title = {The not{MNIST} dataset},
	howpublished={\url{http://yaroslavvb.com/upload/notMNIST/}},
	year={2011},
}

@article{C:buzzega2020dark,
	title={Dark experience for general continual learning: a strong, simple baseline},
	author={Buzzega, Pietro and Boschini, Matteo and Porrello, Angelo and Abati, Davide and Calderara, Simone},
	journal={arXiv preprint arXiv:2004.07211},
	year={2020}
}

@article{C:chaudhry2018feature,
	title={Feature selection for high dimensional data using Monte Carlo tree search},
	author={Chaudhry, Muhammad Umar and Lee, Jee-Hyong},
	journal={IEEE Access},
	volume={6},
	pages={76036--76048},
	year={2018},
	publisher={IEEE}
}

@article{C:chaudhry2018efficient,
	title={Efficient lifelong learning with a-gem},
	author={Chaudhry, Arslan and Ranzato, Marc'Aurelio and Rohrbach, Marcus and Elhoseiny, Mohamed},
	journal={arXiv preprint arXiv:1812.00420},
	year={2018}
}

@inproceedings{C:chaudhry2018riemannian,
	title={Riemannian walk for incremental learning: Understanding forgetting and intransigence},
	author={Chaudhry, Arslan and Dokania, Puneet K and Ajanthan, Thalaiyasingam and Torr, Philip HS},
	booktitle={Proceedings of the European Conference on Computer Vision (ECCV)},
	pages={532--547},
	year={2018}
}

@article{C:chaudhry2019tiny,
	title={On tiny episodic memories in continual learning},
	author={Chaudhry, Arslan and Rohrbach, Marcus and Elhoseiny, Mohamed and Ajanthan, Thalaiyasingam and Dokania, Puneet K and Torr, Philip HS and Ranzato, Marc'Aurelio},
	journal={arXiv preprint arXiv:1902.10486},
	year={2019}
}

@inproceedings{C:chaudhry2021using,
	title={Using Hindsight to Anchor Past Knowledge in Continual Learning},
	author={Chaudhry, Arslan and Gordo, Albert and Dokania, Puneet and Torr, Philip and Lopez-Paz, David},
	booktitle={Proceedings of the AAAI Conference on Artificial Intelligence},
	volume={35},
	number={8},
	pages={6993--7001},
	year={2021}
}

@inproceedings{C:chrysakis2020online,
	title={Online Continual Learning from Imbalanced Data},
	author={Aristotelis Chrysakis and Marie-Francine Moens},
	booktitle={ICML},
	year={2020}
}

@inproceedings{C:coulom2006efficient,
	title={Efficient selectivity and backup operators in Monte-Carlo tree search},
	author={Coulom, R{\'e}mi},
	booktitle={International conference on computers and games},
	pages={72--83},
	year={2006},
	organization={Springer}
}

@article{C:delange2021continual,
	title={A continual learning survey: Defying forgetting in classification tasks},
	author={Delange, Matthias and Aljundi, Rahaf and Masana, Marc and Parisot, Sarah and Jia, Xu and Leonardis, Ales and Slabaugh, Greg and Tuytelaars, Tinne},
	journal={IEEE Transactions on Pattern Analysis and Machine Intelligence},
	year={2021},
	publisher={IEEE}
}

@article{C:de2019continual,
	title={Continual learning: A comparative study on how to defy forgetting in classification tasks},
	author={De Lange, Matthias and Aljundi, Rahaf and Masana, Marc and Parisot, Sarah and Jia, Xu and Leonardis, Ales and Slabaugh, Gregory and Tuytelaars, Tinne},
	journal={arXiv preprint arXiv:1909.08383},
	volume={2},
	number={6},
	year={2019}
}

@article{C:dempster1989spacing,
	title={Spacing effects and their implications for theory and practice},
	author={Dempster, Frank N},
	journal={Educational Psychology Review},
	volume={1},
	number={4},
	pages={309--330},
	year={1989},
	publisher={Springer}
}

@article{C:diaz2018don,
	title={Don't forget, there is more than forgetting: new metrics for Continual Learning},
	author={D{\'\i}az-Rodr{\'\i}guez, Natalia and Lomonaco, Vincenzo and Filliat, David and Maltoni, Davide},
	journal={arXiv preprint arXiv:1810.13166},
	year={2018}
}

@inproceedings{C:douillard2020podnet,
	author="Douillard, Arthur
	and Cord, Matthieu
	and Ollion, Charles
	and Robert, Thomas
	and Valle, Eduardo",
	title="PODNet: Pooled Outputs Distillation for Small-Tasks Incremental Learning",
	booktitle="Computer Vision -- ECCV 2020",
	year="2020",
	publisher="Springer International Publishing",
	pages="86--102",
}

@article{C:dulac2015deep,
	title={Deep reinforcement learning in large discrete action spaces},
	author={Dulac-Arnold, Gabriel and Evans, Richard and van Hasselt, Hado and Sunehag, Peter and Lillicrap, Timothy and Hunt, Jonathan and Mann, Timothy and Weber, Theophane and Degris, Thomas and Coppin, Ben},
	journal={arXiv preprint arXiv:1512.07679},
	year={2015}
}

@article{C:dunlovsky2013improving,
	ISSN = {15291006},
	URL = {http://www.jstor.org/stable/23484712},
	author = {John Dunlosky and Katherine A. Rawson and Elizabeth J. Marsh and Mitchell J. Nathan and Daniel T. Willingham},
	journal = {Psychological Science in the Public Interest},
	number = {1},
	pages = {4--58},
	publisher = {Sage Publications, Inc.},
	title = {Improving Students' Learning With Effective Learning Techniques: Promising Directions From Cognitive and Educational Psychology},
	volume = {14},
	year = {2013}
}


@article{C:ebbinghaus2013memory,
	title={Memory: A contribution to experimental psychology},
	author={Ebbinghaus, Hermann},
	journal={Annals of neurosciences},
	volume={20},
	number={4},
	pages={155},
	year={2013},
	publisher={SAGE Publications}
}

@article{C:ebrahimi2020adversarial,
	title={Adversarial Continual Learning},
	author={Ebrahimi, Sayna and Meier, Franziska and Calandra, Roberto and Darrell, Trevor and Rohrbach, Marcus},
	journal={arXiv preprint arXiv:2003.09553},
	year={2020}
}

@article{C:ebrahimi2019uncertainty,
	title={Uncertainty-guided continual learning with bayesian neural networks},
	author={Ebrahimi, Sayna and Elhoseiny, Mohamed and Darrell, Trevor and Rohrbach, Marcus},
	journal={arXiv preprint arXiv:1906.02425},
	year={2019}
}

@article{C:farquhar2018towards,
	title={Towards robust evaluations of continual learning},
	author={Farquhar, Sebastian and Gal, Yarin},
	journal={arXiv preprint arXiv:1805.09733},
	year={2018}
}

@article{C:french1999catastrophic,
	title = {Catastrophic forgetting in connectionist networks},
	journal = {Trends in Cognitive Sciences},
	volume = {3},
	number = {4},
	pages = {128-135},
	year = {1999},
	issn = {1364-6613},
	doi = {https://doi.org/10.1016/S1364-6613(99)01294-2},
	url = {https://www.sciencedirect.com/science/article/pii/S1364661399012942},
	author = {Robert M. French},
	keywords = {Catastrophic forgetting, Connectionist networks, Connectionism, Memory, Learning, Interference},
	abstract = {All natural cognitive systems, and, in particular, our own, gradually forget previously learned information. Plausible models of human cognition should therefore exhibit similar patterns of gradual forgetting of old information as new information is acquired. Only rarely does new learning in natural cognitive systems completely disrupt or erase previously learned information; that is, natural cognitive systems do not, in general, forget ‘catastrophically’. Unfortunately, though, catastrophic forgetting does occur under certain circumstances in distributed connectionist networks. The very features that give these networks their remarkable abilities to generalize, to function in the presence of degraded input, and so on, are found to be the root cause of catastrophic forgetting. The challenge in this field is to discover how to keep the advantages of distributed connectionist networks while avoiding the problem of catastrophic forgetting. In this article the causes, consequences and numerous solutions to the problem of catastrophic forgetting in neural networks are examined. The review will consider how the brain might have overcome this problem and will also explore the consequences of this solution for distributed connectionist networks.}
}

@inproceedings{C:hayes2020lifelong,
	title={Lifelong machine learning with deep streaming linear discriminant analysis},
	author={Hayes, Tyler L and Kanan, Christopher},
	booktitle={Proceedings of the IEEE/CVF Conference on Computer Vision and Pattern Recognition Workshops},
	pages={220--221},
	year={2020}
}

@inproceedings{C:hayes2020remind,
	title={Remind your neural network to prevent catastrophic forgetting},
	author={Hayes, Tyler L and Kafle, Kushal and Shrestha, Robik and Acharya, Manoj and Kanan, Christopher},
	booktitle={European Conference on Computer Vision},
	pages={466--483},
	year={2020},
	organization={Springer}
}

@inproceedings{C:hayes2019memory,
	title={Memory efficient experience replay for streaming learning},
	author={Hayes, Tyler L and Cahill, Nathan D and Kanan, Christopher},
	booktitle={2019 International Conference on Robotics and Automation (ICRA)},
	pages={9769--9776},
	year={2019},
	organization={IEEE}
}

@inproceedings{C:hazelwood2018applied,
	title={Applied machine learning at facebook: A datacenter infrastructure perspective},
	author={Hazelwood, Kim and Bird, Sarah and Brooks, David and Chintala, Soumith and Diril, Utku and Dzhulgakov, Dmytro and Fawzy, Mohamed and Jia, Bill and Jia, Yangqing and Kalro, Aditya and others},
	booktitle={2018 IEEE International Symposium on High Performance Computer Architecture (HPCA)},
	pages={620--629},
	year={2018},
	organization={IEEE}
}

@inproceedings{C:gaudel2010feature,
	title={Feature selection as a one-player game},
	author={Gaudel, Romaric and Sebag, Michele},
	booktitle={International Conference on Machine Learning},
	pages={359--366},
	year={2010}
}

@techreport{C:gelly2006modification,
	title={Modification of UCT with patterns in Monte-Carlo Go},
	author={Gelly, Sylvain and Wang, Yizao and Munos, R{\'e}mi and Teytaud, Olivier},
	year={2006},
	number={RR-6062},
	institution={INRIA},
	note={inria-00117266v3f},
}

@article{C:gonzalez1985clustering,
	title={Clustering to Minimize the Maximum Intercluster Distance},
	author={T. Gonzalez},
	journal={Theor. Comput. Sci.},
	year={1985},
	volume={38},
	pages={293-306}
}

@article{C:goodfellow2013empirical,
	title={An empirical investigation of catastrophic forgetting in gradient-based neural networks},
	author={Goodfellow, Ian J and Mirza, Mehdi and Xiao, Da and Courville, Aaron and Bengio, Yoshua},
	journal={arXiv preprint arXiv:1312.6211},
	year={2013}
}

@inproceedings{C:guo2018dynamic,
	title={Dynamic task prioritization for multitask learning},
	author={Guo, Michelle and Haque, Albert and Huang, De-An and Yeung, Serena and Fei-Fei, Li},
	booktitle={Proceedings of the European Conference on Computer Vision (ECCV)},
	pages={270--287},
	year={2018}
}

@inproceedings{C:hou2019learning,
	title={Learning a unified classifier incrementally via rebalancing},
	author={Hou, Saihui and Pan, Xinyu and Loy, Chen Change and Wang, Zilei and Lin, Dahua},
	booktitle={Proceedings of the IEEE/CVF Conference on Computer Vision and Pattern Recognition},
	pages={831--839},
	year={2019}
}

@article{C:hsu2018re,
	title={Re-evaluating continual learning scenarios: A categorization and case for strong baselines},
	author={Hsu, Yen-Chang and Liu, Yen-Cheng and Ramasamy, Anita and Kira, Zsolt},
	journal={arXiv preprint arXiv:1810.12488},
	year={2018}
}

@inproceedings{C:ioffe2015batch,
	title={Batch normalization: Accelerating deep network training by reducing internal covariate shift},
	author={Ioffe, Sergey and Szegedy, Christian},
	booktitle={International conference on machine learning},
	pages={448--456},
	year={2015},
	organization={PMLR}
}

@inproceedings{C:iscen2020memory,
	title={Memory-efficient incremental learning through feature adaptation},
	author={Iscen, Ahmet and Zhang, Jeffrey and Lazebnik, Svetlana and Schmid, Cordelia},
	booktitle={European Conference on Computer Vision},
	pages={699--715},
	year={2020},
	organization={Springer}
}

@inproceedings{C:isele2018selective,
	title={Selective experience replay for lifelong learning},
	author={Isele, David and Cosgun, Akansel},
	booktitle={Proceedings of the AAAI Conference on Artificial Intelligence},
	volume={32},
	number={1},
	year={2018}
}

@article{C:jin2020gradient,
	title={Gradient based memory editing for task-free continual learning},
	author={Jin, Xisen and Sadhu, Arka and Du, Junyi and Ren, Xiang},
	journal={arXiv preprint arXiv:2006.15294},
	year={2020}
}

@article{C:joseph2020meta,
	title={Meta-Consolidation for Continual Learning},
	author={Joseph, KJ and Balasubramanian, Vineeth N},
	journal={arXiv preprint arXiv:2010.00352},
	year={2020}
}



@article{C:kingma2014adam,
	title={Adam: A method for stochastic optimization},
	author={Kingma, Diederik P and Ba, Jimmy},
	journal={arXiv preprint arXiv:1412.6980},
	year={2014}
}

@article{C:kirkpatrick2017overcoming,
	title={Overcoming catastrophic forgetting in neural networks},
	author={Kirkpatrick, James and Pascanu, Razvan and Rabinowitz, Neil and Veness, Joel and Desjardins, Guillaume and Rusu, Andrei A and Milan, Kieran and Quan, John and Ramalho, Tiago and Grabska-Barwinska, Agnieszka and others},
	journal={Proceedings of the national academy of sciences},
	volume={114},
	number={13},
	pages={3521--3526},
	year={2017},
	publisher={National Acad Sciences}
}

% This paper proposed UCT!
@inproceedings{C:kocsis2006bandit,
	title={Bandit based monte-carlo planning},
	author={Kocsis, Levente and Szepesv{\'a}ri, Csaba},
	booktitle={European conference on machine learning},
	pages={282--293},
	year={2006},
	organization={Springer}
}

@techreport{C:krizhevsky2009learning,
	title={Learning multiple layers of features from tiny images},
	author={Krizhevsky, Alex and Hinton, Geoffrey},
	year={2009},
	institution={University of Toronto},
}

@inproceedings{C:lake2011one,
	title={One shot learning of simple visual concepts},
	author={Lake, Brenden and Salakhutdinov, Ruslan and Gross, Jason and Tenenbaum, Joshua},
	booktitle={Proceedings of the annual meeting of the cognitive science society},
	volume={33},
	number={33},
	year={2011}
}

@article{C:landauer1978optimum,
	author = {Landauer, T. and Bjork, Robert},
	year = {1977},
	month = {11},
	pages = {},
	title = {Optimum rehearsal patterns and name learning},
	volume = {1},
	journal = {Practical aspects of memory}
}

@article{C:lecun1998gradient,
	title={Gradient-based learning applied to document recognition},
	author={LeCun, Yann and Bottou, L{\'e}on and Bengio, Yoshua and Haffner, Patrick},
	journal={Proceedings of the IEEE},
	volume={86},
	number={11},
	pages={2278--2324},
	year={1998},
	publisher={Ieee}
}

@article{C:li2017learning,
	title={Learning without forgetting},
	author={Li, Zhizhong and Hoiem, Derek},
	journal={IEEE transactions on pattern analysis and machine intelligence},
	volume={40},
	number={12},
	pages={2935--2947},
	year={2017},
	publisher={IEEE}
}

@article{C:lopez2017gradient,
	title={Gradient episodic memory for continual learning},
	author={Lopez-Paz, David and Ranzato, Marc'Aurelio},
	journal={arXiv preprint arXiv:1706.08840},
	year={2017}
}

@inproceedings{C:mallya2018packnet,
	title={Packnet: Adding multiple tasks to a single network by iterative pruning},
	author={Mallya, Arun and Lazebnik, Svetlana},
	booktitle={Proceedings of the IEEE Conference on Computer Vision and Pattern Recognition},
	pages={7765--7773},
	year={2018}
}

@incollection{C:mccloskey1989catastrophic,
	title={Catastrophic interference in connectionist networks: The sequential learning problem},
	author={McCloskey, Michael and Cohen, Neal J},
	booktitle={Psychology of learning and motivation},
	volume={24},
	pages={109--165},
	year={1989},
	publisher={Elsevier}
}

@article{C:mirzadeh2020linear,
	title={Linear mode connectivity in multitask and continual learning},
	author={Mirzadeh, Seyed Iman and Farajtabar, Mehrdad and Gorur, Dilan and Pascanu, Razvan and Ghasemzadeh, Hassan},
	journal={arXiv preprint arXiv:2010.04495},
	year={2020}
}

@inproceedings{C:mirzadeh2021cl-gym,
	author    = {Mirzadeh, Seyed Iman and Ghasemzadeh, Hassan},
	title     = {CL-Gym: Full-Featured PyTorch Library for Continual Learning},
	booktitle = {Proceedings of the IEEE/CVF Conference on Computer Vision and Pattern Recognition (CVPR) Workshops},
	month     = {June},
	year      = {2021},
	pages     = {3621-3627}
}

@article{C:nguyen2017variational,
	title={Variational continual learning},
	author={Nguyen, Cuong V and Li, Yingzhen and Bui, Thang D and Turner, Richard E},
	journal={arXiv preprint arXiv:1710.10628},
	year={2017}
}

@article{C:pellegrini2019latent,
	title={Latent replay for real-time continual learning},
	author={Pellegrini, Lorenzo and Graffieti, Gabriele and Lomonaco, Vincenzo and Maltoni, Davide},
	journal={arXiv preprint arXiv:1912.01100},
	year={2019}
}

@article{C:pan2020continual,
	title={Continual deep learning by functional regularisation of memorable past},
	author={Pan, Pingbo and Swaroop, Siddharth and Immer, Alexander and Eschenhagen, Runa and Turner, Richard E and Khan, Mohammad Emtiyaz},
	journal={arXiv preprint arXiv:2004.14070},
	year={2020}
}

@article{C:parisi2019continual,
	title={Continual lifelong learning with neural networks: A review},
	author={Parisi, German I and Kemker, Ronald and Part, Jose L and Kanan, Christopher and Wermter, Stefan},
	journal={Neural Networks},
	volume={113},
	pages={54--71},
	year={2019},
	publisher={Elsevier}
}

@inproceedings{C:rannen2017encoder,
	title={Encoder based lifelong learning},
	author={Rannen, Amal and Aljundi, Rahaf and Blaschko, Matthew B and Tuytelaars, Tinne},
	booktitle={Proceedings of the IEEE International Conference on Computer Vision},
	pages={1320--1328},
	year={2017}
}

@inproceedings{C:rebuffi2017icarl,
	title={icarl: Incremental classifier and representation learning},
	author={Rebuffi, Sylvestre-Alvise and Kolesnikov, Alexander and Sperl, Georg and Lampert, Christoph H},
	booktitle={Proceedings of the IEEE conference on Computer Vision and Pattern Recognition},
	pages={2001--2010},
	year={2017}
}

@article{C:riemer2018learning,
	title={Learning to learn without forgetting by maximizing transfer and minimizing interference},
	author={Riemer, Matthew and Cases, Ignacio and Ajemian, Robert and Liu, Miao and Rish, Irina and Tu, Yuhai and Tesauro, Gerald},
	journal={arXiv preprint arXiv:1810.11910},
	year={2018}
}

@article{C:rolnick2018experience,
	title={Experience replay for continual learning},
	author={Rolnick, David and Ahuja, Arun and Schwarz, Jonathan and Lillicrap, Timothy P and Wayne, Greg},
	journal={arXiv preprint arXiv:1811.11682},
	year={2018}
}

@article{C:russakovsky2015imagenet,
	title={Imagenet large scale visual recognition challenge},
	author={Russakovsky, Olga and Deng, Jia and Su, Hao and Krause, Jonathan and Satheesh, Sanjeev and Ma, Sean and Huang, Zhiheng and Karpathy, Andrej and Khosla, Aditya and Bernstein, Michael and others},
	journal={International journal of computer vision},
	volume={115},
	number={3},
	pages={211--252},
	year={2015},
	publisher={Springer}
}

@article{C:rusu2016progressive,
	title={Progressive neural networks},
	author={Rusu, Andrei A and Rabinowitz, Neil C and Desjardins, Guillaume and Soyer, Hubert and Kirkpatrick, James and Kavukcuoglu, Koray and Pascanu, Razvan and Hadsell, Raia},
	journal={arXiv preprint arXiv:1606.04671},
	year={2016}
}

@inproceedings{C:schwarz2018progress,
	title={Progress \& compress: A scalable framework for continual learning},
	author={Schwarz, Jonathan and Czarnecki, Wojciech and Luketina, Jelena and Grabska-Barwinska, Agnieszka and Teh, Yee Whye and Pascanu, Razvan and Hadsell, Raia},
	booktitle={International Conference on Machine Learning},
	pages={4528--4537},
	year={2018},
	organization={PMLR}
}

@inproceedings{C:serra2018overcoming,
	title={Overcoming catastrophic forgetting with hard attention to the task},
	author={Serra, Joan and Suris, Didac and Miron, Marius and Karatzoglou, Alexandros},
	booktitle={International Conference on Machine Learning},
	pages={4548--4557},
	year={2018},
	organization={PMLR}
}

@article{C:shin2017continual,
	title={Continual learning with deep generative replay},
	author={Shin, Hanul and Lee, Jung Kwon and Kim, Jaehong and Kim, Jiwon},
	journal={arXiv preprint arXiv:1705.08690},
	year={2017}
}

@article{C:silver2016mastering,
	title={Mastering the game of Go with deep neural networks and tree search},
	author={Silver, David and Huang, Aja and Maddison, Chris J and Guez, Arthur and Sifre, Laurent and Van Den Driessche, George and Schrittwieser, Julian and Antonoglou, Ioannis and Panneershelvam, Veda and Lanctot, Marc and others},
	journal={nature},
	volume={529},
	number={7587},
	pages={484--489},
	year={2016},
	publisher={Nature Publishing Group}
}

@inproceedings{C:silver2002task,
	title={The task rehearsal method of life-long learning: Overcoming impoverished data},
	author={Silver, Daniel L and Mercer, Robert E},
	booktitle={Conference of the Canadian Society for Computational Studies of Intelligence},
	pages={90--101},
	year={2002},
	organization={Springer}
}

@article{C:van2019three,
	title={Three scenarios for continual learning},
	author={Van de Ven, Gido M and Tolias, Andreas S},
	journal={arXiv preprint arXiv:1904.07734},
	year={2019}
}

@article{C:van2018generative,
	title={Generative replay with feedback connections as a general strategy for continual learning},
	author={van de Ven, Gido M and Tolias, Andreas S},
	journal={arXiv preprint arXiv:1809.10635},
	year={2018}
}

@inproceedings{C:verwimp2021rehearsal,
	title={Rehearsal revealed: The limits and merits of revisiting samples in continual learning},
	author={Verwimp, Eli and De Lange, Matthias and Tuytelaars, Tinne},
	booktitle={Proceedings of the IEEE/CVF International Conference on Computer Vision},
	pages={9385--9394},
	year={2021}
}

@article{C:vinyals2016matching,
	title={Matching networks for one shot learning},
	author={Vinyals, Oriol and Blundell, Charles and Lillicrap, Timothy and Kavukcuoglu, Koray and Wierstra, Daan},
	journal={arXiv preprint arXiv:1606.04080},
	year={2016}
}

@article{C:xiao2017fashion,
	title={Fashion-mnist: a novel image dataset for benchmarking machine learning algorithms},
	author={Xiao, Han and Rasul, Kashif and Vollgraf, Roland},
	journal={arXiv preprint arXiv:1708.07747},
	year={2017}
}

@article{C:van2020brain,
	title={Brain-inspired replay for continual learning with artificial neural networks},
	author={van de Ven, Gido M and Siegelmann, Hava T and Tolias, Andreas S},
	journal={Nature communications},
	volume={11},
	number={1},
	pages={1--14},
	year={2020},
	publisher={Nature Publishing Group}
}

@article{C:vitter1985random,
	title={Random sampling with a reservoir},
	author={Vitter, Jeffrey S},
	journal={ACM Transactions on Mathematical Software (TOMS)},
	volume={11},
	number={1},
	pages={37--57},
	year={1985},
	publisher={ACM New York, NY, USA}
}

@article{C:von2019continual,
	title={Continual learning with hypernetworks},
	author={von Oswald, Johannes and Henning, Christian and Sacramento, Jo{\~a}o and Grewe, Benjamin F},
	journal={arXiv preprint arXiv:1906.00695},
	year={2019}
}

@article{C:yoon2021online,
	title={Online Coreset Selection for Rehearsal-based Continual Learning},
	author={Yoon, Jaehong and Madaan, Divyam and Yang, Eunho and Hwang, Sung Ju},
	journal={arXiv preprint arXiv:2106.01085},
	year={2021}
}

@article{C:yoon2019scalable,
	title={Scalable and order-robust continual learning with additive parameter decomposition},
	author={Yoon, Jaehong and Kim, Saehoon and Yang, Eunho and Hwang, Sung Ju},
	journal={arXiv preprint arXiv:1902.09432},
	year={2019}
}

@article{C:yoon2017lifelong,
	title={Lifelong learning with dynamically expandable networks},
	author={Yoon, Jaehong and Yang, Eunho and Lee, Jeongtae and Hwang, Sung Ju},
	journal={arXiv preprint arXiv:1708.01547},
	year={2017}
}

@inproceedings{C:zenke2017continual,
	title={Continual learning through synaptic intelligence},
	author={Zenke, Friedemann and Poole, Ben and Ganguli, Surya},
	booktitle={International Conference on Machine Learning},
	pages={3987--3995},
	year={2017},
	organization={PMLR}
}

@article{C:smolen2016right,
	title={The right time to learn: mechanisms and optimization of spaced learning},
	author={Smolen, Paul and Zhang, Yili and Byrne, John H},
	journal={Nature Reviews Neuroscience},
	volume={17},
	number={2},
	pages={77},
	year={2016},
	publisher={Nature Publishing Group}
}
@article{C:hawley2008comparison,
	title={A comparison of adjusted spaced retrieval versus a uniform expanded retrieval schedule for learning a name--face association in older adults with probable Alzheimer's disease},
	author={Hawley, Karri S and Cherry, Katie E and Boudreaux, Emily O and Jackson, Erin M},
	journal={Journal of Clinical and Experimental Neuropsychology},
	volume={30},
	number={6},
	pages={639--649},
	year={2008},
	publisher={Taylor \& Francis}
}

@article{C:feng2019spaced,
	title={Spaced learning enhances episodic memory by increasing neural pattern similarity across repetitions},
	author={Feng, Kanyin and Zhao, Xiao and Liu, Jing and Cai, Ying and Ye, Zhifang and Chen, Chuansheng and Xue, Gui},
	journal={Journal of Neuroscience},
	volume={39},
	number={27},
	pages={5351--5360},
	year={2019},
	publisher={Soc Neuroscience}
}
@article{C:willis2007review,
	title={Review of research: Brain-based teaching strategies for improving students' memory, learning, and test-taking success},
	author={Willis, Judy},
	journal={Childhood Education},
	volume={83},
	number={5},
	pages={310--315},
	year={2007},
	publisher={Taylor \& Francis}
}